<record><leader>00000cas a22000007a 4500</leader><controlfield tag="001">16932665</controlfield><controlfield tag="008">871103d18971904ohuwr ne      0    0eng d</controlfield><datafield ind1=" " ind2=" " tag="010"><subfield code="a">sn 87076804 </subfield></datafield><datafield ind1=" " ind2=" " tag="040"><subfield code="a">ONP</subfield><subfield code="b">eng</subfield><subfield code="c">ONP</subfield><subfield code="d">OCLCQ</subfield></datafield><datafield ind1=" " ind2=" " tag="042"><subfield code="a">msc</subfield></datafield><datafield ind1="0" ind2=" " tag="130"><subfield code="a">Van Wert Democrat (Van Wert, Ohio : 1897)</subfield></datafield><datafield ind1="1" ind2="4" tag="245"><subfield code="a">The Van Wert Democrat.</subfield></datafield><datafield ind1=" " ind2=" " tag="260"><subfield code="a">Van Wert, Ohio :</subfield><subfield code="b">P.H. &amp; J.F. Anschutz,</subfield><subfield code="c">-1904.</subfield></datafield><datafield ind1=" " ind2=" " tag="300"><subfield code="a">v.</subfield></datafield><datafield ind1=" " ind2=" " tag="310"><subfield code="a">Weekly</subfield></datafield><datafield ind1="1" ind2=" " tag="362"><subfield code="a">Began in 1897.</subfield></datafield><datafield ind1="0" ind2=" " tag="362"><subfield code="a">-v. 39, no. 58 (July 22, 1904).</subfield></datafield><datafield ind1=" " ind2=" " tag="588"><subfield code="a">Description based on: Sept. 9, 1897 issue.</subfield></datafield><datafield ind1=" " ind2="4" tag="651"><subfield code="a">Van Wert (Ohio)</subfield><subfield code="v">Newspapers.</subfield></datafield><datafield ind1=" " ind2="4" tag="651"><subfield code="a">Van Wert County (Ohio)</subfield><subfield code="v">Newspapers.</subfield></datafield><datafield ind1=" " ind2=" " tag="752"><subfield code="a">United States</subfield><subfield code="b">Ohio</subfield><subfield code="c">Van Wert</subfield><subfield code="d">Van Wert.</subfield></datafield><datafield ind1="0" ind2="7" tag="785"><subfield code="t">Van Wert times (Van Wert, Ohio : 1866)</subfield><subfield code="w">(DLC)sn 85038207</subfield></datafield><datafield ind1="0" ind2="7" tag="785"><subfield code="t">Times-Democrat (Van Wert, Ohio)</subfield><subfield code="w">(DLC)sn 87076805</subfield></datafield></record>